@article{Ball:2012cx,
      author         = "Ball, Richard D. and others",
      title          = "{Parton distributions with LHC data}",
      journal        = "Nucl. Phys.",
      volume         = "B867",
      year           = "2013",
      pages          = "244-289",
      doi            = "10.1016/j.nuclphysb.2012.10.003",
      eprint         = "1207.1303",
      archivePrefix  = "arXiv",
      primaryClass   = "hep-ph",
      reportNumber   = "EDINBURGH-2012-08, IFUM-FT-997, FR-PHENO-2012-014,
                        RWTH-TTK-12-25, CERN-PH-TH-2012-037, SFB-CPP-12-47",
      SLACcitation   = "%%CITATION = ARXIV:1207.1303;%%"
}
@article{Ball:2014uwa,
      author         = "Ball, Richard D. and others",
      title          = "{Parton distributions for the LHC Run II}",
      collaboration  = "NNPDF",
      journal        = "JHEP",
      volume         = "04",
      year           = "2015",
      pages          = "040",
      doi            = "10.1007/JHEP04(2015)040",
      eprint         = "1410.8849",
      archivePrefix  = "arXiv",
      primaryClass   = "hep-ph",
      reportNumber   = "EDINBURGH-2014-15, IFUM-1034-FT, CERN-PH-TH-2013-253,
                        OUTP-14-11P, CAVENDISH-HEP-14-11",
      SLACcitation   = "%%CITATION = ARXIV:1410.8849;%%"
}
@article{Harland-Lang:2014zoa,
      author         = "Harland-Lang, L. A. and Martin, A. D. and Motylinski, P.
                        and Thorne, R. S.",
      title          = "{Parton distributions in the LHC era: MMHT 2014 PDFs}",
      journal        = "Eur. Phys. J.",
      volume         = "C75",
      year           = "2015",
      number         = "5",
      pages          = "204",
      doi            = "10.1140/epjc/s10052-015-3397-6",
      eprint         = "1412.3989",
      archivePrefix  = "arXiv",
      primaryClass   = "hep-ph",
      reportNumber   = "LCTS-2014-47, IPPP-14-97, DCPT-14-194",
      SLACcitation   = "%%CITATION = ARXIV:1412.3989;%%"
}
@article{Nocera:2014gqa,
      author         = "Nocera, Emanuele R. and Ball, Richard D. and Forte,
                        Stefano and Ridolfi, Giovanni and Rojo, Juan",
      title          = "{A first unbiased global determination of polarized PDFs
                        and their uncertainties}",
      collaboration  = "NNPDF",
      journal        = "Nucl. Phys.",
      volume         = "B887",
      year           = "2014",
      pages          = "276-308",
      doi            = "10.1016/j.nuclphysb.2014.08.008",
      eprint         = "1406.5539",
      archivePrefix  = "arXiv",
      primaryClass   = "hep-ph",
      reportNumber   = "CERN-PH-TH-2014-106, IFUN-1028-FT, EDINBURGH-14-11,
                        OUTP-14-06P",
      SLACcitation   = "%%CITATION = ARXIV:1406.5539;%%"
}
@article{deFlorian:2009vb,
      author         = "de Florian, Daniel and Sassot, Rodolfo and Stratmann,
                        Marco and Vogelsang, Werner",
      title          = "{Extraction of Spin-Dependent Parton Densities and Their
                        Uncertainties}",
      journal        = "Phys. Rev.",
      volume         = "D80",
      year           = "2009",
      pages          = "034030",
      doi            = "10.1103/PhysRevD.80.034030",
      eprint         = "0904.3821",
      archivePrefix  = "arXiv",
      primaryClass   = "hep-ph",
      SLACcitation   = "%%CITATION = ARXIV:0904.3821;%%"
}
@article{Constantinou:2014tga,
      author         = "Constantinou, Martha",
      title          = "{Hadron Structure}",
      booktitle      = "{Proceedings, 32nd International Symposium on Lattice
                        Field Theory (Lattice 2014): Brookhaven, NY, USA, June
                        23-28, 2014}",
      journal        = "PoS",
      volume         = "LATTICE2014",
      year           = "2015",
      pages          = "001",
      eprint         = "1411.0078",
      archivePrefix  = "arXiv",
      primaryClass   = "hep-lat",
      reportNumber   = "CY-01",
      SLACcitation   = "%%CITATION = ARXIV:1411.0078;%%"
}
@article{Syritsyn:2014saa,
      author         = "Syritsyn, Sergey",
      title          = "{Review of Hadron Structure Calculations on a Lattice}",
      booktitle      = "{Proceedings, 31st International Symposium on Lattice
                        Field Theory (Lattice 2013): Mainz, Germany, July
                        29-August 3, 2013}",
      journal        = "PoS",
      volume         = "LATTICE2013",
      year           = "2014",
      pages          = "009",
      eprint         = "1403.4686",
      archivePrefix  = "arXiv",
      primaryClass   = "hep-lat",
      SLACcitation   = "%%CITATION = ARXIV:1403.4686;%%"
}
@article{Lin:2012ev,
      author         = "Lin, Huey-Wen",
      title          = "{Lattice Hadron Structure: Applications within and beyond
                        QCD}",
      booktitle      = "{Proceedings, 30th International Symposium on Lattice
                        Field Theory (Lattice 2012): Cairns, Australia, June
                        24-29, 2012}",
      journal        = "PoS",
      volume         = "LATTICE2012",
      year           = "2012",
      pages          = "013",
      eprint         = "1212.6849",
      archivePrefix  = "arXiv",
      primaryClass   = "hep-lat",
      reportNumber   = "NT@UW-12-19",
      SLACcitation   = "%%CITATION = ARXIV:1212.6849;%%"
}
@article{Ji:2014gla,
      author         = "Ji, Xiangdong",
      title          = "{Parton Physics from Large-Momentum Effective Field
                        Theory}",
      journal        = "Sci. China Phys. Mech. Astron.",
      volume         = "57",
      year           = "2014",
      pages          = "1407-1412",
      doi            = "10.1007/s11433-014-5492-3",
      eprint         = "1404.6680",
      archivePrefix  = "arXiv",
      primaryClass   = "hep-ph",
      SLACcitation   = "%%CITATION = ARXIV:1404.6680;%%"
}
@article{Lin:2014zya,
      author         = "Lin, Huey-Wen and Chen, Jiunn-Wei and Cohen, Saul D. and
                        Ji, Xiangdong",
      title          = "{Flavor Structure of the Nucleon Sea from Lattice QCD}",
      journal        = "Phys. Rev.",
      volume         = "D91",
      year           = "2015",
      pages          = "054510",
      doi            = "10.1103/PhysRevD.91.054510",
      eprint         = "1402.1462",
      archivePrefix  = "arXiv",
      primaryClass   = "hep-ph",
      reportNumber   = "NT@UW-14-03, INT-PUB-14-002",
      SLACcitation   = "%%CITATION = ARXIV:1402.1462;%%"
}
@article{Alexandrou:2015rja,
      author         = "Alexandrou, Constantia and Cichy, Krzysztof and Drach,
                        Vincent and Garcia-Ramos, Elena and Hadjiyiannakou,
                        Kyriakos and Jansen, Karl and Steffens, Fernanda and
                        Wiese, Christian",
      title          = "{Lattice calculation of parton distributions}",
      journal        = "Phys. Rev.",
      volume         = "D92",
      year           = "2015",
      pages          = "014502",
      doi            = "10.1103/PhysRevD.92.014502",
      eprint         = "1504.07455",
      archivePrefix  = "arXiv",
      primaryClass   = "hep-lat",
      reportNumber   = "SFB-CPP-14-124, DESY-15-059, CP3-ORIGINS-2015-013-DNRF90,
                        DIAS-2015-13",
      SLACcitation   = "%%CITATION = ARXIV:1504.07455;%%"
}
@article{Chen:2016utp,
      author         = "Chen, Jiunn-Wei and Cohen, Saul D. and Ji, Xiangdong and
                        Lin, Huey-Wen and Zhang, Jian-Hui",
      title          = "{Nucleon Helicity and Transversity Parton Distributions
                        from Lattice QCD}",
      journal        = "Nucl. Phys.",
      volume         = "B911",
      year           = "2016",
      pages          = "246-273",
      doi            = "10.1016/j.nuclphysb.2016.07.033",
      eprint         = "1603.06664",
      archivePrefix  = "arXiv",
      primaryClass   = "hep-ph",
      reportNumber   = "MIT-CTP-4776, INT-PUB-16-009",
      SLACcitation   = "%%CITATION = ARXIV:1603.06664;%%"
}
@article{Alexandrou:2016jqi,
      author         = "Alexandrou, Constantia and Cichy, Krzysztof and
                        Constantinou, Martha and Hadjiyiannakou, Kyriakos and
                        Jansen, Karl and Steffens, Fernanda and Wiese, Christian",
      title          = "{New Lattice Results for Parton Distributions}",
      year           = "2016",
      eprint         = "1610.03689",
      archivePrefix  = "arXiv",
      primaryClass   = "hep-lat",
      reportNumber   = "DESY-16-192",
      SLACcitation   = "%%CITATION = ARXIV:1610.03689;%%"
}
@article{Gauld:2016kpd,
      author         = "Gauld, Rhorry and Rojo, Juan",
      title          = "{Precision determination of the small-$x$ gluon from
                        charm production at LHCb}",
      journal        = "Phys. Rev. Lett.",
      volume         = "118",
      year           = "2017",
      number         = "7",
      pages          = "072001",
      doi            = "10.1103/PhysRevLett.118.072001",
      eprint         = "1610.09373",
      archivePrefix  = "arXiv",
      primaryClass   = "hep-ph",
      reportNumber   = "NIKHEF-2016-050",
      SLACcitation   = "%%CITATION = ARXIV:1610.09373;%%"
}

%%% contains utf-8, see: http://inspirehep.net/info/faq/general#utf8
%%% add \usepackage[utf8]{inputenc} to your latex preamble

@article{Czakon:2016olj,
      author         = "Czakon, Micha≈Ç and Hartland, Nathan P. and Mitov,
                        Alexander and Nocera, Emanuele R. and Rojo, Juan",
      title          = "{Pinning down the large-x gluon with NNLO top-quark pair
                        differential distributions}",
      year           = "2016",
      eprint         = "1611.08609",
      archivePrefix  = "arXiv",
      primaryClass   = "hep-ph",
      reportNumber   = "OUTP-16-15P, NIKHEF-2016-046, CAVENDISH-HEP-16-17,
                        AACHEN-TTK-16-49",
      SLACcitation   = "%%CITATION = ARXIV:1611.08609;%%"
}
@article{Ball:2011gg,
      author         = "Ball, Richard D. and Bertone, Valerio and Cerutti,
                        Francesco and Del Debbio, Luigi and Forte, Stefano and
                        Guffanti, Alberto and Hartland, Nathan P. and Latorre,
                        Jose I. and Rojo, Juan and Ubiali, Maria",
      title          = "{Reweighting and Unweighting of Parton Distributions and
                        the LHC W lepton asymmetry data}",
      journal        = "Nucl. Phys.",
      volume         = "B855",
      year           = "2012",
      pages          = "608-638",
      doi            = "10.1016/j.nuclphysb.2011.10.018",
      eprint         = "1108.1758",
      archivePrefix  = "arXiv",
      primaryClass   = "hep-ph",
      reportNumber   = "EDINBURGH-2011-15, IFUM-981-FT, FR-PHENO-2011-013,
                        RWTH-TTK-11-32",
      SLACcitation   = "%%CITATION = ARXIV:1108.1758;%%"
}
@article{Ball:2010gb,
      author         = "Ball, Richard D. and Bertone, Valerio and Cerutti,
                        Francesco and Del Debbio, Luigi and Forte, Stefano and
                        Guffanti, Alberto and Latorre, Jose I. and Rojo, Juan and
                        Ubiali, Maria",
      title          = "{Reweighting NNPDFs: the W lepton asymmetry}",
      collaboration  = "NNPDF",
      journal        = "Nucl. Phys.",
      volume         = "B849",
      year           = "2011",
      pages          = "112-143",
      doi            = "10.1016/j.nuclphysb.2011.03.017,
                        10.1016/j.nuclphysb.2011.10.024,
                        10.1016/j.nuclphysb.2011.09.011",
      note           = "[Erratum: Nucl. Phys.B855,927(2012)]",
      eprint         = "1012.0836",
      archivePrefix  = "arXiv",
      primaryClass   = "hep-ph",
      reportNumber   = "EDINBURGH-2010-24, IFUM-968-FT, FR-PHENO-2010-040,
                        RWTH-TTK-10-55",
      SLACcitation   = "%%CITATION = ARXIV:1012.0836;%%"
}
